<record><leader>00000cas a22000007a 4500</leader><controlfield tag="001">13439916</controlfield><controlfield tag="008">860416d191019uumtuwr ne      0    0eng d</controlfield><datafield ind1=" " ind2=" " tag="010"><subfield code="a">sn 86075128 </subfield></datafield><datafield ind1=" " ind2=" " tag="040"><subfield code="a">MTL</subfield><subfield code="b">eng</subfield><subfield code="c">MTL</subfield><subfield code="d">OCLCQ</subfield></datafield><datafield ind1=" " ind2=" " tag="042"><subfield code="a">msc</subfield></datafield><datafield ind1="0" ind2=" " tag="130"><subfield code="a">Butte independent (Butte, Mont. : 1910)</subfield></datafield><datafield ind1="1" ind2="4" tag="245"><subfield code="a">The Butte independent.</subfield></datafield><datafield ind1=" " ind2=" " tag="260"><subfield code="a">Butte, Mont. :</subfield><subfield code="b">J.B. Mulcahy,</subfield><subfield code="c">1910-</subfield></datafield><datafield ind1=" " ind2=" " tag="300"><subfield code="a">v. :</subfield><subfield code="b">ill. ;</subfield><subfield code="c">54 cm.</subfield></datafield><datafield ind1=" " ind2=" " tag="310"><subfield code="a">Weekly</subfield></datafield><datafield ind1="0" ind2=" " tag="362"><subfield code="a">Vol. 1, no. 1 (Jan. 22, 1910)-</subfield></datafield><datafield ind1=" " ind2=" " tag="500"><subfield code="a">"National Interests Are Paramount to Party Claims."</subfield></datafield><datafield ind1=" " ind2=" " tag="500"><subfield code="a">"Irish."</subfield></datafield><datafield ind1=" " ind2=" " tag="752"><subfield code="a">United States</subfield><subfield code="b">Montana</subfield><subfield code="c">Silver Bow</subfield><subfield code="d">Butte.</subfield></datafield><datafield ind1="1" ind2=" " tag="029"><subfield code="a">AU@</subfield><subfield code="b">000025802108</subfield></datafield></record>